@article{Magnusson:2002:simics-orig-paper,
author = {Magnusson, Peter S. and Christensson, Magnus and Eskilson, Jesper and Forsgren, Daniel and
                  Hallberg, Gustav and Hogberg, Johan and Larsson, Fredrik and  Moestedt, Andreas
                  and Werner, Bengt},
title = {Simics: a full system simulation platform},
journal ={IEEE Transactions on Computer},
volume = {35},
number = {2},
year = {2002},
pages = {50--58}
}

@article{Lindholm:2008:Tesla,
 author = {Lindholm, Erik and Nickolls, John and Oberman, Stuart and Montrym, John},
 title = {NVIDIA Tesla: a unified graphics and computing architecture},
 journal = {IEEE Micro},
 volume = {28},
 issue = {2},
 year = {2008},
 pages = {39--55}
}

@inproceedings{SPEC:2006,
  author = {{SPEC}},
  title = {{SPEC CPU2006}, http://www.spec.org/cpu2006/},
  booktitle = {},
  year      = {},
  pages = {}
}

@inproceedings{CACTI,
  author = {{HP Labs}},
  title = {{CACTI}, http://www.hpl.hp.com/research/cacti/},
  booktitle = {},
  year      = {2010},
  pages = {}
}

@inproceedings{NPB,
  author = {{NASA}},
  title = {{NPB}, http://www.nas.nasa.gov/Resources/Software/npb.html},
  booktitle = {},
  year      = {},
  pages = {}
}

@inproceedings{Sun:2009:MRAM-L2-CMP,
 author = {Sun, Guangyu and Dong, Xiangyu and Xie, Yuan and Li, Jian and Chen, Yiran},
 title = {A novel architecture of the {3D} stacked {MRAM} {L2} cache for {CMPs}},
 booktitle = {Proceedings of the International Conference on High-Performance Computer Architecture},
 year = {2009},
 pages = {239--249}
 }

@inproceedings{Rogers:2009:SBW,
 author = {B. M. Rogers et al},
 title = {Scaling the bandwidth wall: challenges in and avenues for CMP scaling},
 booktitle = {Proceedings of the International Symposium on Computer Architecture},
 year = {2009},
 }

@inproceedings{PARSEC:2008,
  author = {Christian Bienia and Sanjeev Kumar and Jaswinder Pal Singh and Kai Li},
  title = {The {PARSEC} benchmark suite: characterization and architectural implications},
  booktitle = {Proceedings of the International Conference on Parallel Architectures and Compilation Techniques},
  year      = {2008},
  pages = {239--249}
}

@inproceedings{McKee:2004:RMW,
 author = {McKee, Sally A.},
 title = {Reflections on the memory wall},
 booktitle = {Proceedings of the Conference on Computing Frontiers},
 year = {2004},
 pages = {162}
}

@inproceedings{Burger:1996:MBLFM,
 author = {Burger, Doug and Goodman, James R. and K\"{a}gi, Alain},
 title = {Memory bandwidth limitations of future microprocessors},
 booktitle = {Proceedings of the International Symposium on Computer
                  Architecture},
 year = {1996},
 pages = {78--89}
}

@inproceedings{Huh:2001:EDSFC,
 author = {Huh, Jaehyuk and Burger, Doug and Keckler, Stephen W.},
 title = {Exploring the design space of future {CMPs}},
 booktitle = {Proceedings of the International Conference on Parallel
                  Architectures and Compilation Techniques},
 year = {2001},
 pages = {199--210}
}

@inproceedings{Sun:2009:NA3D,
 author = {Sun, Guangyu and Dong, Xiangyu and Xie, Yuan and Li, Jian and Chen,
                  Yiran},
 title = {{A novel architecture of the 3D stacked MRAM L2 cache for CMPs}},
 booktitle = {Proceedings of the International Symposium on High Performance
                  Computer Architecture},
 year = {2009},
 pages = {239--249}
}

@inproceedings{Sun:2009:E3DSL2,
 author = {Sun, Guangyu and Wu, Xiaoxia and Xie, Yuan},
 title = {{Exploration of 3D stacked L2 cache design for high performance and
                  efficient thermal control}},
 booktitle = {Proceedings of the International Symposium on Low Power
                  Electronics and Design},
 year = {2009},
 pages = {295--298}
}

@inproceedings{Wu:2009:HCA,
 author = {Wu, Xiaoxia and Li, Jian and Zhang, Lixin and Speight, Evan and
                  Rajamony, Ram and Xie, Yuan},
 title = {Hybrid cache architecture with disparate memory technologies},
 booktitle = {Proceedings of the International Symposium on Computer Architecture},
 year = {2009},
 pages = {34--45}
}

@inproceedings{Zhou:2004:DTP,
 author = {Zhou, Pin and Pandey, Vivek and Sundaresan, Jagadeesan and
                  Raghuraman, Anand and Zhou, Yuanyuan and Kumar, Sanjeev},
 title = {Dynamic tracking of page miss ratio curve for memory management},
 booktitle = {Proceedings of the International Conference on Architectural
                  Support for Programming Languages and Operating Systems},
 year = {2004},
 pages = {177--188}
} 

@inproceedings{Duesterwald:2003:CPP,
 author = {Duesterwald, Evelyn and Cascaval, Calin and Dwarkadas, Sandhya},
 title = {Characterizing and predicting program behavior and its variability},
 booktitle = {Proceedings of the International Conference on Parallel
                  Architectures and Compilation Techniques},
 year = {2003},
 pages = {220}
} 

@inproceedings{Sarikaya:2007:PPB,
 author = {Sarikaya, Ruhi and Buyuktosunoglu, Alper},
 title = {Predicting program behavior based On objective function minimization},
 booktitle = {Proceedings of the International Symposium on Workload
                  Characterization},
 year = {2007},
 pages = {25--34}
} 

@inproceedings{Sarikaya:2010:RWB,
 author = {Sarikaya, Ruhi and Isci, Canturk and Buyuktosunoglu, Alper},
 title = {Runtime workload behavior prediction using statistical metric modeling
                  with application to dynamic power management},
 booktitle = {Proceedings of the International Symposium on Workload
                  Characterization},
 year = {2010},
 pages = {1--10}
} 