@article{Magnusson:2002:simics-orig-paper,
author = {Magnusson, Peter S. and Christensson, Magnus and Eskilson, Jesper and Forsgren, Daniel and
                  Hallberg, Gustav and Hogberg, Johan and Larsson, Fredrik and  Moestedt, Andreas
                  and Werner, Bengt},
title = {Simics: a full system simulation platform},
journal ={IEEE Transactions on Computer},
volume = {35},
number = {2},
year = {2002},
pages = {50--58}
}

@inproceedings{SPEC:2006,
  author = {{SPEC}},
  title = {{SPEC CPU2006}, http://www.spec.org/cpu2006/},
  booktitle = {},
  year      = {},
  pages = {}
}

@inproceedings{CACTI,
  author = {{HP Labs}},
  title = {{CACTI}, http://www.hpl.hp.com/research/cacti/},
  booktitle = {},
  year      = {2010},
  pages = {}
}

@inproceedings{NPB,
  author = {{NASA}},
  title = {{NPB}, http://www.nas.nasa.gov/Resources/Software/npb.html},
  booktitle = {},
  year      = {},
  pages = {}
}

@inproceedings{Sun:2009:MRAM-L2-CMP,
 author = {Sun, Guangyu and Dong, Xiangyu and Xie, Yuan and Li, Jian and Chen, Yiran},
 title = {A novel architecture of the {3D} stacked {MRAM} {L2} cache for {CMPs}},
 booktitle = {Proceedings of the International Conference on High-Performance Computer Architecture},
 year = {2009},
 pages = {239--249}
 }

@inproceedings{BW-Wall,
 author = {B. M. Rogers et al},
 title = {Scaling the bandwidth wall: challenges in and avenues for CMP scaling},
 booktitle = {Proceedings of the International Symposium on Computer Architecture},
 year = {2009},
 }

@inproceedings{PARSEC:2008,
  author = {Christian Bienia and Sanjeev Kumar and Jaswinder Pal Singh and Kai Li},
  title = {The {PARSEC} benchmark suite: characterization and architectural implications},
  booktitle = {Proceedings of the International Conference on Parallel Architectures and Compilation Techniques},
  year      = {2008},
  pages = {239--249}
}
